@Book{khoussainov,
author = {Bakhadyr Khoussainov, Nodira Khoussainov},
title = {Lectures on Discrete Mathematics for Computer Science},
publisher = {World Scientific Publishing Co Inc},
year = {2012}}
