
@Book{khoussainov,
	author = {Bakhadyr Khoussainov, Nodira Khoussainov},
	title = {Lectures on Discrete Mathematics for Computer Science},
	publisher = {World Scientific Publishing Co Inc},
	year = {2012}
}

@book{hunt,
	author = {Hunt, B},
	title = {The Geometry of Some Special Arithmetic Quotients},
	date = {1999},
	publisher = {Springer}
}

@book{goals,
	author = {Stefan Br√ºnig},
	title = {Detecting non-provable goals},
	date = {2005}
}
